@article{wang2024videoagent,
  title={VideoAgent: Long-form Video Understanding with Large Language Model as Agent},
  author={Wang, Xiaohan and Zhang, Yuhui and Zohar, Orr and Yeung-Levy, Serena},
  journal={arXiv preprint arXiv:2403.10517},
  year={2024},
  url="https://arxiv.org/abs/2403.10517"
}

@article{chen2022long,
  title={A long-text classification method of Chinese news based on BERT and CNN},
  author={Chen, Xinying and Cong, Peimin and Lv, Shuo},
  journal={IEEE Access},
  volume={10},
  pages={34046--34057},
  year={2022},
  publisher={IEEE},
	url="https://ieeexplore.ieee.org/abstract/document/9743465"
}
